<record><leader>00000cas a22000007a 4500</leader><controlfield tag="001">10393969</controlfield><controlfield tag="008">840209d18441846mauwr ne      0    0eng d</controlfield><datafield ind1=" " ind2=" " tag="010"><subfield code="a">sn 84022419 </subfield></datafield><datafield ind1=" " ind2=" " tag="040"><subfield code="a">NPX</subfield><subfield code="b">eng</subfield><subfield code="c">NPX</subfield><subfield code="d">MGN</subfield><subfield code="d">OCLCQ</subfield></datafield><datafield ind1=" " ind2=" " tag="042"><subfield code="a">msc</subfield></datafield><datafield ind1=" " ind2=" " tag="043"><subfield code="a">n-us-ma</subfield></datafield><datafield ind1="0" ind2=" " tag="130"><subfield code="a">Weekly American eagle (Boston, Mass.)</subfield></datafield><datafield ind1="1" ind2="0" tag="245"><subfield code="a">Weekly American eagle.</subfield></datafield><datafield ind1="3" ind2="0" tag="246"><subfield code="a">American weekly eagle</subfield></datafield><datafield ind1="3" ind2="0" tag="246"><subfield code="a">Weekly eagle</subfield></datafield><datafield ind1=" " ind2=" " tag="260"><subfield code="a">Boston [Mass.] :</subfield><subfield code="b">Baker, French, Harmon &amp; Co.</subfield></datafield><datafield ind1=" " ind2=" " tag="300"><subfield code="a">v. ;</subfield><subfield code="c">56 cm.</subfield></datafield><datafield ind1=" " ind2=" " tag="310"><subfield code="a">Weekly</subfield></datafield><datafield ind1="0" ind2=" " tag="362"><subfield code="a">Vol. 1, no. 1 (Dec. 28, 1844)-</subfield></datafield><datafield ind1="1" ind2=" " tag="362"><subfield code="a">Ceased in Feb. 1846.</subfield></datafield><datafield ind1=" " ind2=" " tag="500"><subfield code="a">"American" appears in title ornament.</subfield></datafield><datafield ind1=" " ind2=" " tag="500"><subfield code="a">American Republican.</subfield></datafield><datafield ind1=" " ind2=" " tag="580"><subfield code="a">Daily ed.: Daily American eagle.</subfield></datafield><datafield ind1=" " ind2=" " tag="752"><subfield code="a">United States</subfield><subfield code="b">Massachusetts</subfield><subfield code="c">Suffolk</subfield><subfield code="d">Boston.</subfield></datafield><datafield ind1="1" ind2=" " tag="775"><subfield code="t">Daily American eagle</subfield><subfield code="w">(DLC)sn 84022418</subfield></datafield><datafield ind1="0" ind2="5" tag="780"><subfield code="t">American Republican (Boston, Mass. : 1844)</subfield><subfield code="w">(DLC)sn 83020826</subfield></datafield><datafield ind1="0" ind2="0" tag="785"><subfield code="t">Weekly tocsin</subfield><subfield code="w">(DLC)sn 84022420</subfield></datafield></record>